<collection xmlns="http://www.loc.gov/MARC21/slim">
   <record>
      <leader>03797nam a2200433 i 4500</leader>
      <controlfield tag="001">6786244</controlfield>
      <controlfield tag="003">FlBoTFG</controlfield>
      <controlfield tag="005">20150115163112.0</controlfield>
      <controlfield tag="006">m|||||o||d||||||||</controlfield>
      <controlfield tag="007">cr||||</controlfield>
      <controlfield tag="008">150115t20152015fluac   ob    001 0 eng d</controlfield>
      <datafield ind1=" " ind2=" " tag="020">
         <subfield code="a">9781482224481 (e-book : PDF)</subfield>
      </datafield>
      <datafield ind1=" " ind2=" " tag="035">
         <subfield code="a">ocn898156696</subfield>
      </datafield>
      <datafield ind1=" " ind2=" " tag="039">
         <subfield code="a">exclude</subfield>
      </datafield>
      <datafield ind1=" " ind2=" " tag="040">
         <subfield code="a">FlBoTFG</subfield>
         <subfield code="b">eng</subfield>
         <subfield code="e">rda</subfield>
         <subfield code="c">FlBoTFG</subfield>
         <subfield code="d">AEU</subfield>
      </datafield>
      <datafield ind1=" " ind2="4" tag="050">
         <subfield code="a">TD426</subfield>
         <subfield code="b">.P47 2015</subfield>
      </datafield>
      <datafield ind1=" " ind2=" " tag="090">
         <subfield code="a">Internet Access</subfield>
         <subfield code="b">AEU</subfield>
      </datafield>
      <datafield ind1="0" ind2="0" tag="245">
         <subfield code="a">Permeable reactive barrier :</subfield>
         <subfield code="b">sustainable groundwater remediation /</subfield>
         <subfield code="c">edited by Ravi Naidu, Volker Birke.</subfield>
      </datafield>
      <datafield ind1=" " ind2="1" tag="264">
         <subfield code="a">Boca Raton :</subfield>
         <subfield code="b">CRC Press,</subfield>
         <subfield code="c">[2015]</subfield>
      </datafield>
      <datafield ind1=" " ind2="4" tag="264">
         <subfield code="c">©2015</subfield>
      </datafield>
      <datafield ind1=" " ind2=" " tag="300">
         <subfield code="a">1 online resource.</subfield>
      </datafield>
      <datafield ind1=" " ind2=" " tag="336">
         <subfield code="a">text</subfield>
         <subfield code="2">rdacontent</subfield>
         <subfield code="0">http://id.loc.gov/vocabulary/contentTypes/txt</subfield>
      </datafield>
      <datafield ind1=" " ind2=" " tag="337">
         <subfield code="a">computer</subfield>
         <subfield code="2">rdamedia</subfield>
         <subfield code="0">http://id.loc.gov/vocabulary/mediaTypes/c</subfield>
      </datafield>
      <datafield ind1=" " ind2=" " tag="338">
         <subfield code="a">online resource</subfield>
         <subfield code="2">rdacarrier</subfield>
         <subfield code="0">http://id.loc.gov/vocabulary/carriers/cr</subfield>
      </datafield>
      <datafield ind1="1" ind2=" " tag="490">
         <subfield code="a">Advances in trace elements in the environment</subfield>
      </datafield>
      <datafield ind1=" " ind2=" " tag="504">
         <subfield code="a">Includes bibliographical references and index.</subfield>
      </datafield>
      <datafield ind1="0" ind2=" " tag="505">
         <subfield code="a">Permeable reactive barriers : cost-effective and sustainable remediation of groundwater / Ravi Naidu, Dawit N. Bekele, and Volker Birke -- Two decades of application of permeable reactive barriers to groundwater remediation / Scott D. Warner -- Choosing the best design and construction technologies for permeable reactive barriers / Dawit N. Bekele, Ravi Naidu, Volker Birke, and Sreenivasulu Chadalavada -- Groundwater modeling involving PRBs : general aspects, case study / Sreenivasulu Chadalavada, Martin Wegner, and Ravi Naidu -- Impact of trace elements and impurities in technical zero-valent iron brands on reductive dechlorination of chlorinated ethenes in groundwater / Volker Birke, Christine Schuett, Harald Burmeier, and Hans-Jürgen Friedrich -- Fourteen-year assessment of a permeable reactive barrier for treatment of hexavalent chromium and trichloroethylene / Richard T. Wilkin [and four others] -- Sequenced permeable reactive barrier for the pretreatment of nitrate and remediation of trichloroethene / Keely Mundle, Janet Macmillan, and Ben McCarthy -- Organic-based permeable reactive barriers for the treatment of heavy metals, arsenic, and acidity / Ralph D. Ludwig [and four others] -- Effective cleanup of groundwater contaminated with radionuclides using permeable reactive barriers / Franz-Georg Simon and Tamás Meggyes -- Reactive (oxygen) gas barrier and zone technologies / Ronald Giese [and four others] -- Remediation of PAHs, NSO-heterocycles, and related aromatic compounds in permeable reactive barriers using activated carbon / Wolf-Ulrich Palm, Jan Sebastian Mänz, and Wolfgang Ruck -- Case study of PRB application for the remediation of groundwater / James Stening -- Permeable reactive barriers in Europe / Volker Birke and Harald Burmeier.</subfield>
      </datafield>
      <datafield ind1=" " ind2=" " tag="506">
         <subfield code="a">Access restricted to authorized users and institutions.</subfield>
      </datafield>
      <datafield ind1=" " ind2=" " tag="596">
         <subfield code="a">44</subfield>
      </datafield>
      <datafield ind1=" " ind2="0" tag="650">
         <subfield code="a">Groundwater</subfield>
         <subfield code="x">Purification.</subfield>
         <subfield code="0">http://id.loc.gov/authorities/subjects/sh85145521</subfield>
      </datafield>
      <datafield ind1=" " ind2="0" tag="650">
         <subfield code="a">Permeable reactive barriers.</subfield>
         <subfield code="0">http://id.loc.gov/authorities/subjects/sh2010011829</subfield>
      </datafield>
      <datafield ind1="1" ind2=" " tag="700">
         <subfield code="a">Naidu, R.,</subfield>
         <subfield code="e">editor.</subfield>
         <subfield code="0">http://id.loc.gov/authorities/names/n95122177</subfield>
         <subfield code="0">http://viaf.org/viaf/61786091</subfield>
      </datafield>
      <datafield ind1="1" ind2=" " tag="700">
         <subfield code="a">Birke, Volker,</subfield>
         <subfield code="e">editor.</subfield>
         <subfield code="0">http://viaf.org/viaf/314895152</subfield>
      </datafield>
      <datafield ind1=" " ind2=" " tag="758">
         <subfield code="0">http://worldcat.org/entity/work/id/3857793209</subfield>
      </datafield>
      <datafield ind1="0" ind2=" " tag="787">
         <subfield code="n">OCLC Work Id</subfield>
         <subfield code="o">http://worldcat.org/entity/work/id/3857793209</subfield>
      </datafield>
      <datafield ind1=" " ind2="0" tag="830">
         <subfield code="a">Advances in trace elements in the environment.</subfield>
         <subfield code="0">http://id.loc.gov/authorities/names/no2015124640</subfield>
      </datafield>
      <datafield ind1="4" ind2="0" tag="856">
         <subfield code="3">University of Alberta Access</subfield>
         <subfield code="u">http://marc.crcnetbase.com/isbn/9781482224481</subfield>
         <subfield code="z">(Unlimited Concurrent Users)</subfield>
      </datafield>
      <datafield ind1=" " ind2=" " tag="949">
         <subfield code="h">UAIN</subfield>
         <subfield code="z">CRC</subfield>
      </datafield>
      <datafield ind1=" " ind2=" " tag="926">
         <subfield code="a">Internet Access</subfield>
         <subfield code="w">LC</subfield>
         <subfield code="c">1</subfield>
         <subfield code="i">6786244-1001</subfield>
         <subfield code="l">INTERNET</subfield>
         <subfield code="m">UAINTERNET</subfield>
         <subfield code="r">Y</subfield>
         <subfield code="s">Y</subfield>
         <subfield code="t">E-RESOURCE</subfield>
         <subfield code="u">1/20/2015</subfield>
         <subfield code="x">E-BOOK</subfield>
         <subfield code="z">CRC</subfield>
      </datafield>
   </record>
</collection>
